<?xml version="1.0" encoding="UTF-8"?><collection xmlns="http://www.loc.gov/MARC21/slim"><record><leader>00542nam--2200181-i-4500</leader><controlfield tag="001">000014574</controlfield><controlfield tag="002">20161230</controlfield><controlfield tag="005">20161230201030</controlfield><controlfield tag="008">060222s1000------------r-----000-0-eng-d</controlfield><datafield ind1=" " ind2=" " tag="020"><subfield code="a">0121197808</subfield></datafield><datafield ind1=" " ind2=" " tag="040"><subfield code="a">IFIN-HH</subfield></datafield><datafield ind1=" " ind2=" " tag="080"><subfield code="a">539.189:541.64</subfield></datafield><datafield ind1="1" ind2=" " tag="100"><subfield code="a">Bovey, Frank A And Helinski, Jynn W</subfield></datafield><datafield ind1="1" ind2="0" tag="245"><subfield code="a">Chain structure and conformation of macromolecules</subfield><subfield code="b">With a chapter bylynn w. jelinski</subfield><subfield code="c">Frank a. bovey</subfield></datafield><datafield ind1=" " ind2=" " tag="260"><subfield code="a">New York</subfield><subfield code="b">Academic Press</subfield><subfield code="c">1982</subfield></datafield><datafield ind1=" " ind2=" " tag="300"><subfield code="a">X + 259 P</subfield></datafield><datafield ind1=" " ind2=" " tag="852"><subfield code="a">71365</subfield><subfield code="c">539.19</subfield></datafield><datafield ind1=" " ind2=" " tag="CAT"><subfield code="a">Sys</subfield><subfield code="c">20120717</subfield><subfield code="h">144336</subfield></datafield></record></collection>